<?xml version="1.0" encoding="UTF-8"?><collection xmlns="http://www.loc.gov/MARC21/slim"><record><leader>00510nam--2200169-i-4500</leader><controlfield tag="001">000041439</controlfield><controlfield tag="002">20161230</controlfield><controlfield tag="005">20161230201043</controlfield><controlfield tag="008">060222s1000------------r-----000-0-eng-d</controlfield><datafield ind1=" " ind2=" " tag="040"><subfield code="a">IFIN-HH</subfield></datafield><datafield ind1=" " ind2=" " tag="080"><subfield code="a">539.124.143(043)</subfield></datafield><datafield ind1="1" ind2=" " tag="100"><subfield code="a">Shen,Lewis Nai-sing</subfield></datafield><datafield ind1="1" ind2="0" tag="245"><subfield code="a">The dynamic jahn-teller effect in 3 symmetry (al2o3:ni 3+)</subfield><subfield code="b">Dissertation</subfield><subfield code="c">Lewis nai-sing shen</subfield></datafield><datafield ind1=" " ind2=" " tag="260"><subfield code="a">An Arbor, Michigan</subfield><subfield code="b">University Microfilms</subfield><subfield code="c">1972</subfield></datafield><datafield ind1=" " ind2=" " tag="300"><subfield code="a">192 P</subfield></datafield><datafield ind1=" " ind2=" " tag="852"><subfield code="a">40569</subfield><subfield code="c">539.143.43</subfield></datafield><datafield ind1=" " ind2=" " tag="CAT"><subfield code="a">Sys</subfield><subfield code="c">20120509</subfield><subfield code="h">105918</subfield></datafield></record></collection>